%% This BibTeX bibliography file was created using BibDesk.
%% https://bibdesk.sourceforge.io/

%% Created for Tomáš Batěk at 2024-02-20 10:54:41 +0100 


%% Saved with string encoding Unicode (UTF-8) 

@electronic{timeflip,
	title = {TIMEFLIP2},
	url = {https://timeflip.io},
	urldate = {2024-02-20}}

@electronic{timeular,
	title = {TIMEULAR Tracker},
	url = {https://timeular.com/tracker/},
	urldate = {2024-02-20}}

@electronic{clockify-ios,
	title = {Clockify iOS app},
	url = {https://clockify.me/iphone-time-tracking},
	urldate = {2024-02-20}}

@electronic{timebuzzer,
	title = {timeBuzzer},
	url = {https://timebuzzer.com/buzzer/},
	urldate = {2024-02-20}}

@electronic{timeflip-ble-api,
	title = {TIMEFLIP BLE protocol},
	url = {https://github.com/DI-GROUP/TimeFlip.Docs/blob/master/Hardware/TimeFlip%20BLE%20protocol%20ver4_02.06.2020.md},
	urldate = {2024-02-20}}

@electronic{timeflip-api,
	title = {TIMEFLIP API},
	url = {https://newapi.timeflip.io/swagger-ui.html?_gl=1*cc57tk*_ga*ODA0NjI0MjkuMTcwODQyMDU4Mw..*_ga_Z1JPGVWR86*MTcwODQzNzA3My40LjEuMTcwODQzODAyMi4wLjAuMA..#/},
	urldate = {2024-02-20}}

@electronic{timeular-api,
	title = {TIMEULAR API},
	url = {https://developers.timeular.com},
	urldate = {2024-02-20}}


@electronic{timebuzzer-api,
	title = {timeBuzzer API},
	url = {https://github.com/timeBuzzer/timebuzzer-open-api-doc},
	urldate = {2024-02-20}}


